@ONLINE{ntsb,
author = {Hall, Jim},
organization = {National Transportation Safety Board},
title = {Testimony of Jim Hall},
month = oct,
year = {1999},
url = {http://www.ntsb.gov/news/speeches/hall/jhc991007.htm}
}

@ONLINE{aco,
author = {Dorigo, Marco},
organization = {Politecnico di Milano},
title = {Distributed Optimization by Ant Colonies},
year = {1992},
url = {ftp://iridia.ulb.ac.be/pub/mdorigo/conferences/IC.06-ECAL92.pdf}
}

@ONLINE{imo,
organization = {The International Maritime Organisation},
title = {Sub-Committee on Ship Design and Equipment (DE)},
month = feb,
year = {2006},
url = {http://www.imo.org/blast/mainframe.asp?topic_id=107&doc_id=6173}
}

@ONLINE{cruseships,
aouthor ={Vaccaro, Dominique},
organization = {Cruisedeckplans LLC},
month = may,
year = {2013},
url = {http://www.cruisedeckplans.com}
}

@incollection{total,
organization = {The International Maritime Organisation},
title = {INTERIM GUIDELINES FOR EVACUATION ANALYSES FOR NEW AND EXISTING PASSENGER SHIPS},
month = jun,
year = {2002},
url = {http://www.imo.org/blast/blastDataHelper.asp?data_id=5333&filename=1033.pdf},
pages = {4-5}
}

@incollection{speed,
organization = {The International Maritime Organisation},
title = {INTERIM GUIDELINES FOR EVACUATION ANALYSES FOR NEW AND EXISTING PASSENGER SHIPS},
month = jun,
year = {2002},
url = {http://www.imo.org/blast/blastDataHelper.asp?data_id=5333&filename=1033.pdf},
pages = {6-7}
}

@article{Pan:2007,
 author = {Pan, Xiaoshan and Han, Charles S. and Dauber, Ken and Law, Kincho H.},
 title = {A multi-agent based framework for the simulation of human and social behaviors during emergency evacuations},
 journal = {AI Soc.},
 issue_date = {October 2007},
 volume = {22},
 number = {2},
 month = oct,
 year = {2007},
 issn = {0951-5666},
 pages = {113--132},
 numpages = {20},
 url = {http://dx.doi.org/10.1007/s00146-007-0126-1},
 doi = {10.1007/s00146-007-0126-1},
 acmid = {1296282},
 publisher = {Springer-Verlag},
 address = {London, UK, UK},
} 

@article{acobpp:2004,
 author = {Ying-Tung Hsiao, Cheng-Long Chuang and Cheng-Chih Chien},
 title = {Ant Colony Optimization for Best Path Planning},
 journal = {ISCIT.},
 issue_date = {October 2004},
 volume = {26},
 number = {29},
 month = oct,
 year = {2004},
 pages = {109-113},
 numpages = {5},
 url = {http://gdauto.gdut.edu.cn/lab1/lwfy_files
 /Ant%20colony%20optimization%20for%20best%20path%20planning.pdf},
 publisher = {Sapporo},
 address = {Japan},
} 

@article{celleva,
 author = {Sol Ha, Nam-Kug Ku, Myung-Il Roh and Kyu-Yeul Lee},
 title = {Cell-based evacuation simulation considering human behavior in a passenger ship},
 journal = {Ocean Engineering.},
 issue_date = {October 2012},
 volume = {53},
 month = oct,
 year = {2012},
 pages = {138-152},
 numpages = {14},
 url = {http://www.sciencedirect.com/science/article/pii/S0029801812001801#},
 publisher = {},
 address = {Soul 151-744, South Korea},
} 

@article{Misa,
 author = {Misa, Thomas J. and Frana, Philip L.},
 title = {An interview with Edsger W. Dijkstra},
 journal = {Commun. ACM},
 issue_date = {August 2010},
 volume = {53},
 number = {8},
 month = aug,
 year = {2010},
 issn = {0001-0782},
 pages = {41--47},
 numpages = {7},
 url = {http://doi.acm.org/10.1145/1787234.1787249},
 doi = {10.1145/1787234.1787249},
 acmid = {1787249},
 publisher = {ACM},
 address = {New York, NY, USA},
}

@INPROCEEDINGS{715934, 
author={Fredman, Michael L. and Tarjan, R.E.}, 
booktitle={Foundations of Computer Science, 1984. 25th Annual Symposium on}, 
title={Fibonacci Heaps And Their Uses In Improved Network Optimization Algorithms}, 
year={1984}, 
pages={338-346}, 
keywords={Algorithms;Data structures;Hydrogen;Intelligent networks;Shortest path problem;Tree graphs}, 
doi={10.1109/SFCS.1984.715934}, 
ISSN={0272-5428},}

@incollection{acofpser,

year={2013},

isbn={978-3-642-38576-6},

booktitle={Recent Trends in Applied Artificial Intelligence},

volume={7906},

series={Lecture Notes in Computer Science},

editor={Ali, Moonis and Bosse, Tibor and Hindriks, KoenV. and Hoogendoorn, Mark and Jonker, CatholijnM. and Treur, Jan},

doi={10.1007/978-3-642-38577-3_6},

title={Ant Colony Optimisation for Planning Safe Escape Routes},

url={http://dx.doi.org/10.1007/978-3-642-38577-3_6},

publisher={Springer Berlin Heidelberg},

author={Goodwin, Morten and Granmo, Ole-Christoffer and Radianti, Jaziar and Sarshar, Parvaneh and Glimsdal, Sondre},

pages={53-62}
}


@incollection{
dbn, year={2013},

isbn={978-3-642-38576-6},

booktitle={Recent Trends in Applied Artificial Intelligence},

volume={7906},

series={Lecture Notes in Computer Science},

editor={Ali, Moonis and Bosse, Tibor and Hindriks, 
KoenV. and Hoogendoorn, Mark and Jonker, 
CatholijnM. and Treur, Jan},
doi={10.1007/978-3-642-38577-3_7},

title={A Spatio-temporal Probabilistic Model of Hazard and Crowd Dynamics in Disasters for Evacuation Planning},

url={http://dx.doi.org/10.1007/978-3-642-38577-3_7},

publisher={Springer Berlin Heidelberg},

keywords={Dynamic Bayesian Networks; Ant Based Colony Optimization; Evacuation Planning; Crowd Modeling; Hazard Modeling},

author={Granmo, Ole-Christoffer and Radianti, Jaziar and Goodwin, Morten and Dugdale, Julie and Sarshar, Parvaneh and Glimsdal, Sondre and Gonzalez, JoseJ.},

pages={63-72}
}


@article{Yang2010653,
title = "An improved ant colony optimization algorithm for solving a complex combinatorial optimization problem ",
journal = "Applied Soft Computing ",
volume = "10",
number = "2",
pages = "653 - 660",
year = "2010",
note = "",
issn = "1568-4946",
doi = "10.1016/j.asoc.2009.08.040",
url = "http://www.sciencedirect.com/science/article/pii/S1568494609001586",
author = "Jingan Yang and Yanbin Zhuang",
keywords = "Ant colony optimization",
keywords = "Combinatorial optimization problem",
keywords = "Mobile agent routing problem",
keywords = "Premature convergence probability",
keywords = "Traveling salesman problems",
keywords = "Simulated annealing "
}

@INPROCEEDINGS{6305611,
author={Yuanzhe Xu and Zixun Wang and Qingqing Zheng and Zhiyong Han},
booktitle={Intelligent Human-Machine Systems and Cybernetics (IHMSC), 2012 4th International Conference on},
title={The Application of Dijkstra's Algorithm in the Intelligent Fire Evacuation System},
year={2012},
volume={1},
pages={3-6},
keywords={emergency services;fires;graph theory;optimisation;Dijkstra's algorithm;fire linkage signal;fire region safely;intelligent fire evacuation system;path algorithms;Algorithm design and analysis;Artificial intelligence;Educational institutions;Fires;Monitoring;Personnel;Roads;CAN bus;Dijkstra's algorithm;Fire evacuation;The shortest path},
doi={10.1109/IHMSC.2012.7},}

@article{simple,
year={2013},
issn={0015-2684},
journal={Fire Technology},
volume={49},
number={1},
doi={10.1007/s10694-011-0245-6},
title={Predicting Human Behavior During Fires},
url={http://dx.doi.org/10.1007/s10694-011-0245-6},
publisher={Springer US},
keywords={Fire; Evacuation; Egress; Evacuation models; Building fires},
author={Kuligowski, Erica},
pages={101-120},
language={English}
}

@INPROCEEDINGS{6062828,
author={Changbo Wang and Chenhui Li and Yuhua Liu and Jin Cui and Tianlun Zhang},
booktitle={Computer-Aided Design and Computer Graphics (CAD/Graphics), 2011 12th International Conference on},
title={Behavior-Based Simulation of Real-Time Crowd Evacuation},
year={2011},
pages={456-461},
keywords={behavioural sciences computing;computer animation;virtual reality;agent-based modeling;agent-based simulation;autonomous avoidance;behavior-based simulation;emergency evacuation;evacuation path;human behavior;mixed geometry-based ant colony evacuation model;preferential path selecting;real-time crowd evacuation;virtual scene;Computational modeling;Fires;Graphics processing unit;Humans;Real time systems;Rendering (computer graphics);Solid modeling;Crowd evacuation;human behavor;real time rendering;virtual analysis},
doi={10.1109/CAD/Graphics.2011.62},}

@article{Yang2005411,
title = "Simulation of the kin behavior in building occupant evacuation based on Cellular Automaton ",
journal = "Building and Environment ",
volume = "40",
number = "3",
pages = "411 - 415",
year = "2005",
note = "",
issn = "0360-1323",
doi = "10.1016/j.buildenv.2004.08.005",
url = "http://www.sciencedirect.com/science/article/pii/S0360132304002082",
author = "L.Z. Yang and D.L. Zhao and J. Li and T.Y. Fang",
keywords = "Kin behavior",
keywords = "Occupant evacuation",
keywords = "Cellular Automata",
keywords = "Fire "
}

@article{Pelechano2008377,
title = "Evacuation simulation models: Challenges in modeling high rise building evacuation with cellular automata approaches ",
journal = "Automation in Construction ",
volume = "17",
number = "4",
pages = "377 - 385",
year = "2008",
note = "",
issn = "0926-5805",
doi = "10.1016/j.autcon.2007.06.005",
url = "http://www.sciencedirect.com/science/article/pii/S0926580507000908",
author = "Nuria Pelechano and Ali Malkawi",
keywords = "Evacuation simulation tools",
keywords = "Crowd simulation",
keywords = "High rise building design "
}